<record><leader>00000cas a22000007a 4500</leader><controlfield tag="001">23189802</controlfield><controlfield tag="008">910305d19091916coudn ne      0    0eng d</controlfield><datafield ind1=" " ind2=" " tag="010"><subfield code="a">sn 91052268 </subfield></datafield><datafield ind1=" " ind2=" " tag="040"><subfield code="a">CNQ</subfield><subfield code="b">eng</subfield><subfield code="c">CNQ</subfield><subfield code="d">OCLCQ</subfield></datafield><datafield ind1=" " ind2=" " tag="042"><subfield code="a">msc</subfield></datafield><datafield ind1="0" ind2=" " tag="130"><subfield code="a">Fort Collins review (Fort Collins, Colo. : 1909)</subfield></datafield><datafield ind1="1" ind2="4" tag="245"><subfield code="a">The Fort Collins review.</subfield></datafield><datafield ind1=" " ind2=" " tag="260"><subfield code="a">Fort Collins, Colo. :</subfield><subfield code="b">Edward D. Foster, Olney Newell</subfield></datafield><datafield ind1=" " ind2=" " tag="300"><subfield code="a">v.</subfield></datafield><datafield ind1=" " ind2=" " tag="310"><subfield code="a">Daily (except Sun.)</subfield></datafield><datafield ind1="1" ind2=" " tag="362"><subfield code="a">Began in 1909? Ceased in 1916?</subfield></datafield><datafield ind1=" " ind2=" " tag="588"><subfield code="a">Description based on: Vol. 1, no. 219 (Jan. 1, 1910).</subfield></datafield><datafield ind1=" " ind2=" " tag="752"><subfield code="a">United States</subfield><subfield code="b">Colorado</subfield><subfield code="c">Larimer</subfield><subfield code="d">Fort Collins.</subfield></datafield><datafield ind1="0" ind2="7" tag="785"><subfield code="t">Fort Collins morning express</subfield><subfield code="w">(DLC)sn 90051588</subfield></datafield><datafield ind1="0" ind2="7" tag="785"><subfield code="t">Fort Collins express (Fort Collins, Colo. : 1916 : Daily)</subfield><subfield code="w">(DLC)sn 91052215</subfield></datafield></record>